@misc{Npres,
author = {https://eprint.iacr.org/2010/354.pdf},
},
}
@misc{thesis,
author= {http://cryptosith.org/michael/data/thesis/2009-05-13-diss.pdf},
}
@article{rerandSig,
  author    = {N. Fleischhacker and
               J. Krupp and
               G. Malavolta and
               J. Schneider and
               D. Schr{\"{o}}der and
               M. Simkin},
  title     = {Efficient unlinkable sanitizable signatures from signatures with re-randomizable
               keys},
  journal   = {{IET} Information Security},
  volume    = {12},
  number    = {3},
  pages     = {166--183},
  year      = {2018},}

  
  @article{schnorrSecurity,
  author    = {D. Pointcheval and
               J. Stern},
  title     = {Security Arguments for Digital Signatures and Blind Signatures},
  journal   = {J. Cryptology},
  volume    = {13},
  number    = {3},
  pages     = {361--396},
  year      = {2000}
}